@book{Feldman2006tm,
	title={Text Mining Handbook: Advanced Approaches in Analyzing Unstructured Data},
	author={Feldman, Ronen and Sanger, James},
	year={2006},
	isbn={0521836573, 9780521836579},
	publisher={Cambridge University Press},
	address ={New York, NY, USA},
}
@book{Manning2008tm,
	title={Introduction to Information Retrieval},
	author={Manning, Christopher D. and Raghavan, Prabhakar and Sch\"{u}tze, Hinrich},
	year={2008},
	isbn={0521865719, 9780521865715},
	publisher={Cambridge University Press},
	address={New York, NY, USA},
}
@Inbook{Aggarwal2012tm,
	title={A Survey of Text Classification Algorithms},
	author={Aggarwal, Charu C. and Zhai, ChengXiang},
	editor={Aggarwal, Charu C. and Zhai, ChengXiang},
	bookTitle={Mining Text Data},
	year={2012},
	publisher={Springer US},
	address={Boston, MA},
	pages={163--222},
	abstract={The problem of classification has been widely studied in the data mining, machine learning, database, and information retrieval communities with applications in a number of diverse domains, such as target marketing, medical diagnosis, news group filtering, and document organization. In this paper we will provide a survey of a wide variety of text classification algorithms.},
	isbn={978-1-4614-3223-4},
	doi={10.1007/978-1-4614-3223-4_6},
	url={https://doi.org/10.1007/978-1-4614-3223-4_6},
}
@article{Sebastiani2002mltm,
	title={Machine Learning in Automated Text Categorization},
	author={Sebastiani, Fabrizio},
	journal={ACM Comput. Surv.},
	issue_date={March 2002},
	volume={34},
	number={1},
	month=mar,
	year={2002},
	issn={0360-0300},
	pages={1--47},
	numpages={47},
	url={http://doi.acm.org/10.1145/505282.505283},
	doi={10.1145/505282.505283},
 	acmid={505283},
 	publisher={ACM},
 	address={New York, NY, USA},
 	keywords={Machine learning, text categorization, text classification},
}
@article{Turney2010vsm,
	title={From Frequency to Meaning: Vector Space Models of Semantics},
	author={Turney, Peter D. and Pantel, Patrick},
	journal={J. Artif. Int. Res.},
	issue_date={January 2010},
	volume={37},
	number={1},
	month=jan,
	year={2010},
	issn={1076-9757},
	pages={141--188},
	numpages={48},
	url={http://dl.acm.org/citation.cfm?id=1861751.1861756},
	acmid={1861756},
	publisher={AI Access Foundation},
	address={USA},
}
@inproceedings{Lowe2001,
	title={Towards a theory of semantic space},
	author={Lowe, Will},
	booktitle={Proceedings of the Cognitive Science Society},
	volume={23},
	year={2001}
}
@article{Salton1975vsmh1,
	author={Salton, G. and Wong, A. and Yang, C. S.},
	title={A Vector Space Model for Automatic Indexing},
	journal={Commun. ACM},
	issue_date={Nov. 1975},
	volume={18},
	number={11},
	month=nov,
	year={1975},
	issn={0001-0782},
	pages={613--620},
	numpages={8},
	url={http://doi.acm.org/10.1145/361219.361220},
	doi={10.1145/361219.361220},
	acmid={361220},
	publisher={ACM},
	address={New York, NY, USA},
	keywords={automatic indexing, automatic information retrieval, content analysis, document space},
}
@article{Harris1954vsmh2,
	title={Distributional structure},
	author={Harris, Zellig S},
	journal={Word},
	volume={10},
	number={2-3},
	pages={146--162},
	year={1954},
	publisher={Taylor \& Francis},
}
@book{Firth1957vsmh2,
	title={A Synopsis of Linguistic Theory, 1930-1955},
	author={Firth, J.R.},
	year={1957},
}
@inproceedings{Lin2001vsmh3,
	title={DIRT @SBT@Discovery of Inference Rules from Text},
	author={Lin, Dekang and Pantel, Patrick},
	booktitle={Proceedings of the Seventh ACM SIGKDD International Conference on Knowledge Discovery and Data Mining},
	series={KDD '01},
	year={2001},
	isbn={1-58113-391-X},
	location={San Francisco, California},
	pages={323--328},
	numpages={6},
	url={http://doi.acm.org/10.1145/502512.502559},
	doi={10.1145/502512.502559},
	acmid={502559},
	publisher={ACM},
	address={New York, NY, USA},
}
@article{Turney2003vsmh4,
	title={Measuring Praise and Criticism: Inference of Semantic Orientation from Association},
	author={Turney, Peter D. and Littman, Michael L.},
	journal={ACM Trans. Inf. Syst.},
	issue_date={October 2003},
	volume={21},
	number={4},
	month=oct,
	year={2003},
	issn={1046-8188},
	pages={315--346},
	numpages={32},
	url={http://doi.acm.org/10.1145/944012.944013},
	doi={10.1145/944012.944013},
	acmid={944013},
	publisher={ACM},
	address={New York, NY, USA},
	keywords={latent semantic analysis, mutual information, semantic association, semantic orientation, text classification, text mining, unsupervised learning, web mining},
}
@article{Deerwester1990lsa,
	title={Indexing by latent semantic analysis},
	author={Deerwester, Scott and Dumais, Susan T and Furnas, George W and Landauer, Thomas K and Harshman, Richard},
	journal={Journal of the American society for information science},
	volume={41},
	number={6},
	pages={391},
	year={1990},
	publisher={American Documentation Institute},
}
@article{Mikolov2013ord2vec,
	title={Efficient estimation of word representations in vector space},
	author={Mikolov, Tomas and Chen, Kai and Corrado, Greg and Dean, Jeffrey},
	journal={arXiv preprint arXiv:1301.3781},
	year={2013},
}
@inproceedings{Pennington2014glove,
	title={GloVe: Global Vectors for Word Representation},
  author={Jeffrey Pennington and Richard Socher and Christopher D. Manning},
  booktitle={Empirical Methods in Natural Language Processing (EMNLP)},
  year={2014},
  pages={1532--1543},
  url={http://www.aclweb.org/anthology/D14-1162},
}
@inproceedings{le2014doc2vec,
	title={Distributed representations of sentences and documents},
	author={Le, Quoc and Mikolov, Tomas},
	booktitle={Proceedings of the 31st International Conference on Machine Learning (ICML-14)},
	pages={1188--1196},
	year={2014}
}
@inproceedings{Lin1998vsmex,
	title={Automatic Retrieval and Clustering of Similar Words},
	author={Lin, Dekang},
	booktitle={Proceedings of the 17th International Conference on Computational Linguistics - Volume 2},
	series={COLING '98},
	year={1998},
	location={Montreal, Quebec, Canada},
	pages={768--774},
	numpages={7},
	url={http://dx.doi.org/10.3115/980432.980696},
	doi={10.3115/980432.980696},
	acmid={980696},
	publisher={Association for Computational Linguistics},
	address={Stroudsburg, PA, USA},
}
@article{Pado2007vsmex,
	title={Dependency-Based Construction of Semantic Space Models},
	author={Pad\'{o}, Sebastian and Lapata, Mirella},
	journal={Comput. Linguist.},
	issue_date={June 2007},
	volume={33},
	number={2},
	month=jun,
	year={2007},
	issn={0891-2017},
	pages={161--199},
	numpages={39},
	url={http://dx.doi.org/10.1162/coli.2007.33.2.161},
	doi={10.1162/coli.2007.33.2.161},
	acmid={1268658},
	publisher={MIT Press},
	address={Cambridge, MA, USA},
}
@book{Witten2016ml,
	title={Data Mining: Practical machine learning tools and techniques},
	author={Witten, Ian H and Frank, Eibe and Hall, Mark A and Pal, Christopher J},
	year={2016},
	publisher={Morgan Kaufmann},
}
@article{Yang1994knn,
	title={An Example-based Mapping Method for Text Categorization and Retrieval},
	author={Yang, Yiming and Chute, Christopher G.},
	journal={ACM Trans. Inf. Syst.},
	issue_date={July 1994},
	volume={12},
	number={3},
	month=jul,
	year={1994},
	issn={1046-8188},
	pages={252--277},
	numpages={26},
	url={http://doi.acm.org/10.1145/183422.183424},
	doi={10.1145/183422.183424},
	acmid={183424},
	publisher={ACM},
	address={New York, NY, USA},
	keywords={document categorization, query categorization, statistical learning of human decisions},
}
@inproceedings{Han2001knn,
	title={Text Categorization Using Weight Adjusted k-Nearest Neighbor Classification},
	author={Han, Eui-Hong and Karypis, George and Kumar, Vipin},
	booktitle={Proceedings of the 5th Pacific-Asia Conference on Knowledge Discovery and Data Mining},
	series={PAKDD '01},
	year={2001},
	isbn={3-540-41910-1},
	pages={53--65},
	numpages={13},
	url={http://dl.acm.org/citation.cfm?id=646419.693652},
	acmid={693652},
	publisher={Springer-Verlag},
	address={London, UK, UK},
}
@inproceedings{Lewis1998nb,
	title={Naive (Bayes) at Forty: The Independence Assumption in Information Retrieval},
	author={Lewis, David D.},
	booktitle={Proceedings of the 10th European Conference on Machine Learning},
	series={ECML '98},
	year={1998},
	isbn={3-540-64417-2},
	pages={4--15},
	numpages={12},
	url={http://dl.acm.org/citation.cfm?id=645326.649711},
	acmid={649711},
	publisher={Springer-Verlag},
	address={London, UK, UK},
}
@inproceedings{McCallum1998nb,
	title={A comparison of event models for naive bayes text classification},
	author={McCallum, Andrew and Nigam, Kamal and others},
	booktitle={AAAI-98 workshop on learning for text categorization},
	volume={752},
	pages={41--48},
	year={1998},
	organization={Madison, WI}
}
@inproceedings{Ng2001nblr,
	title={On Discriminative vs. Generative Classifiers: A Comparison of Logistic Regression and Naive Bayes},
	author={Ng, Andrew Y. and Jordan, Michael I.},
	booktitle={Proceedings of the 14th International Conference on Neural Information Processing Systems: Natural and Synthetic},
	series={NIPS'01},
	year={2001},
	location={Vancouver, British Columbia, Canada},
	pages={841--848},
	numpages={8},
	url={http://dl.acm.org/citation.cfm?id=2980539.2980648},
	acmid={2980648},
	publisher={MIT Press},
	address={Cambridge, MA, USA},
}
@inproceedings{Zhang2003linclf,
	author={Zhang, Jian and Yang, Yiming},
	title={Robustness of Regularized Linear Classification Methods in Text Categorization},
	booktitle={Proceedings of the 26th Annual International ACM SIGIR Conference on Research and Development in Informaion Retrieval},
	series={SIGIR '03},
	year={2003},
	isbn={1-58113-646-3},
	location={Toronto, Canada},
	pages={190--197},
	numpages={8},
	url={http://doi.acm.org/10.1145/860435.860471},
	doi={10.1145/860435.860471},
	acmid={860471},
	publisher={ACM},
	address={New York, NY, USA},
	keywords={SVM, ridge regression and logistic regression, robustness, text categorization},
}
@article{Cortes1995svm,
	title={Support-Vector Networks},
	author={Cortes, Corinna and Vapnik, Vladimir},
	journal={Mach. Learn.},
	issue_date={Sept. 1995},
	volume={20},
	number={3},
	month=sep,
	year={1995},
	issn={0885-6125},
	pages={273--297},
	numpages={25},
	url={http://dx.doi.org/10.1023/A:1022627411411},
	doi={10.1023/A:1022627411411},
	acmid={218929},
	publisher={Kluwer Academic Publishers},
	address={Hingham, MA, USA},
	keywords={efficient learning algorithms, neural networks, pattern recognition, polynomial classifiers, radial basis function classifiers},
}
@inproceedings{Joachims1998svm,
	title={Text Categorization with Suport Vector Machines: Learning with Many Relevant Features},
	author={Joachims, Thorsten},
	booktitle={Proceedings of the 10th European Conference on Machine Learning},
	series={ECML '98},
	year={1998},
	isbn={3-540-64417-2},
	pages={137--142},
	numpages={6},
	url={http://dl.acm.org/citation.cfm?id=645326.649721},
	acmid={649721},
	publisher={Springer-Verlag},
	address={London, UK, UK},
}
@inproceedings{Joachims2001svm,
	title={A Statistical Learning Learning Model of Text Classification for Support Vector Machines},
	author={Joachims, Thorsten},
	booktitle={Proceedings of the 24th Annual International ACM SIGIR Conference on Research and Development in Information Retrieval},
	series={SIGIR '01},
	year={2001},
	isbn={1-58113-331-6},
	 location={New Orleans, Louisiana, USA},
	pages={128--136},
	numpages={9},
	url={http://doi.acm.org/10.1145/383952.383974},
	doi={10.1145/383952.383974},
	acmid={383974},
	publisher={ACM},
	address={New York, NY, USA},
}
@inproceedings{Schutze1995nn,
	title={A Comparison of Classifiers and Document Representations for the Routing Problem},
	author={Sch\"{u}tze, Hinrich and Hull, David A. and Pedersen, Jan O.},
	booktitle={Proceedings of the 18th Annual International ACM SIGIR Conference on Research and Development in Information Retrieval},
	series={SIGIR '95},
	year={1995},
	isbn={0-89791-714-6},
	location={Seattle, Washington, USA},
	pages={229--237},
	numpages={9},
	url={http://doi.acm.org/10.1145/215206.215365},
	doi={10.1145/215206.215365},
	acmid={215365},
	publisher={ACM},
	address={New York, NY, USA},
}
@inproceedings{Wiener1995nn,
	title={A neural network approach to topic spotting},
	author={Wiener, Erik and Pedersen, Jan O and Weigend, Andreas S and others},
	booktitle={Proceedings of SDAIR-95, 4th annual symposium on document analysis and information retrieval},
	volume={317},
	pages={332},
	year={1995},
	organization={Las Vegas, NV}
}
@inproceedings{Ku2007score,
	title={Using polarity scores of words for sentence-level opinion extraction},
	author={Ku, Lun-wei and Lo, Yong-sheng and Chen, Hsin-hsi},
	booktitle={Proceedings of NTCIR-6 workshop meeting},
	pages={316--322},
	year={2007}
}
@article{Ku2007ntusd,
    author={Ku, Lun-Wei and Chen, Hsin-Hsi},
    title={Mining opinions from the Web: Beyond relevance retrieval},
    journal={Journal of the American Society for Information Science and Technology},
    volume={58},
    number={12},
    pages={1838--1850},
    year={2007},
    publisher={Wiley Online Library}
}
@inproceedings{Ku2009morph,
  author={Ku, Lun-Wei and Huang, Ting-Hao and Chen, Hsin-Hsi},
  title={Using morphological and syntactic structures for Chinese opinion analysis},
  booktitle={Proceedings of the 2009 Conference on Empirical Methods in Natural Language Processing: Volume 3-Volume 3},
  pages={1260--1269},
  year={2009},
  organization={Association for Computational Linguistics}
}
@inproceedings{Wang2006antusd,
	author={Wang, Shih-Ming and Ku, Lun-Wei},
    title={ANTUSD: A Large Chinese Sentiment Dictionary},
    year={2016},
    booktitle={the Tenth International Conference on Language Resources and Evaluation (LREC 2016)},
    pages={2697-2702}
}
@misc{wiki:Zipf,
	author={Wikipedia},
	title={Zipf's law --- {W}ikipedia{,} The Free Encyclopedia},
	year={2017},
	url={\url{https://en.wikipedia.org/wiki/Zipf%27s_law}},
	note={[Online; accessed 31-July-2017]},
}
@article{Aly2005multi,
	title={Survey on multiclass classification methods},
	author={Aly, Mohamed},
	journal={Neural Netw},
	volume={19},
	year={2005}
}
@book{Lui2012sa,
	title={Sentiment Analysis and Opinion Mining},
	author={Liu, Bing},
	year={2012},
	isbn={1608458849, 9781608458844},
	publisher={Morgan \& Claypool Publishers},
}
@article{Pang2008sa,
	title={Opinion Mining and Sentiment Analysis},
	author={Pang, Bo and Lee, Lillian},
	journal={Found. Trends Inf. Retr.},
	issue_date={January 2008},
	volume={2},
	number={1-2},
	month=jan,
	year={2008},
	issn={1554-0669},
	pages={1--135},
	numpages={135},
	url={http://dx.doi.org/10.1561/1500000011},
	doi={10.1561/1500000011},
	acmid={1454712},
	publisher={Now Publishers Inc.},
	address={Hanover, MA, USA},
}
@book{Manning1999,
	title = {Foundations of Statistical Natural Language Processing},
	author = {Manning, Christopher D. and Sch\"{u}tze, Hinrich},
	year = {1999},
	isbn = {0-262-13360-1},
	publisher = {MIT Press},
	address = {Cambridge, MA, USA},
}
@article{Wiebe2004,
	author={Wiebe, Janyce and Wilson, Theresa and Bruce, Rebecca and Bell, Matthew and Martin, Melanie},
	title={Learning Subjective Language},
	journal={Comput. Linguist.},
	issue_date={September 2004},
	volume={30},
	number={3},
	month=sep,
	year={2004},
	issn={0891-2017},
	pages={277--308},
	numpages={32},
	url={http://dx.doi.org/10.1162/0891201041850885},
	doi={10.1162/0891201041850885},
	acmid={1105598},
	publisher={MIT Press},
	address={Cambridge, MA, USA}
} 
@inproceedings{Kaji2007,
	author={Kaji, Nobuhiro and Kitsuregawa, Masaru},
	title={Building Lexicon for Sentiment Analysis from Massive Collection of HTML Documents.},
	booktitle={EMNLP-CoNLL},
	pages={1075--1083},
	year={2007}
}
@article{Qiu2011,
	author={Qiu, Guang and Liu, Bing and Bu, Jiajun and Chen, Chun},
	title={Opinion Word Expansion and Target Extraction Through Double Propagation},
	journal={Comput. Linguist.},
	issue_date={March 2011},
	volume={37},
	number={1},
	month=mar,
	year={2011},
	issn={0891-2017},
	pages={9--27},
	numpages={19},
	url={http://dx.doi.org/10.1162/coli_a_00034},
	doi={10.1162/coli_a_00034},
	acmid={1970422},
	publisher={MIT Press},
	address={Cambridge, MA, USA},
}
@inproceedings{Kamps2004,
	author={Kamps, Jaap and Marx, Maarten and Mokken, Robert J and De Rijke, Maarten and others},
	title={Using WordNet to Measure Semantic Orientations of Adjectives.},
	booktitle={LREC},
	volume={4},
	pages={1115--1118},
	year={2004},
	organization={Citeseer}
}
@inproceedings{Esuli2005,
	author={Esuli, Andrea and Sebastiani, Fabrizio},
	title={Determining the Semantic Orientation of Terms Through Gloss Classification},
	booktitle={Proceedings of the 14th ACM International Conference on Information and Knowledge Management},
	series={CIKM '05},
	year={2005},
	isbn={1-59593-140-6},
	location={Bremen, Germany},
	pages={617--624},
	numpages={8},
	url={http://doi.acm.org/10.1145/1099554.1099713},
	doi={10.1145/1099554.1099713},
	acmid={1099713},
	publisher={ACM},
	address={New York, NY, USA},
	keywords={opinion mining, polarity detection, semantic orientation, sentiment classification, text classification},
}
@inproceedings{Takamura2005,
	author={Takamura, Hiroya and Inui, Takashi and Okumura, Manabu},
	title={Extracting Semantic Orientations of Words Using Spin Model},
	booktitle={Proceedings of the 43rd Annual Meeting on Association for Computational Linguistics},
	series={ACL '05},
	year={2005},
	location={Ann Arbor, Michigan},
	pages={133--140},
	numpages={8},
	url={https://doi.org/10.3115/1219840.1219857},
	doi={10.3115/1219840.1219857},
	acmid={1219857},
	publisher={Association for Computational Linguistics},
	address={Stroudsburg, PA, USA},
}
@misc{Yelp9,
	author={},
	title={Yelp Dataset Challenge},
	year={2017},
	howpublished={\url{https://www.yelp.com/dataset_challenge}},
	note={},
}
@article{MioChnCorp,
	title={An empirical study on sentiment classification of chinese review using word embedding},
	author={Lin, Yiou and Lei, Hang and Wu, Jia and Li, Xiaoyu},
	journal={arXiv preprint arXiv:1511.01665},
	year={2015}
}
@misc{20news,
	author={},
	title={20 Newsgroups},
	year={2017},
	howpublished={\url{http://qwone.com/~jason/20Newsgroups}},
	note={},
}
@article{sklearn,
	title={Scikit-learn: Machine Learning in {P}ython},
	author={Pedregosa, F. and Varoquaux, G. and Gramfort, A. and Michel, V.
         and Thirion, B. and Grisel, O. and Blondel, M. and Prettenhofer, P.
         and Weiss, R. and Dubourg, V. and Vanderplas, J. and Passos, A. and
         Cournapeau, D. and Brucher, M. and Perrot, M. and Duchesnay, E.},
	journal={Journal of Machine Learning Research},
	volume={12},
	pages={2825--2830},
	year={2011}
}
@inproceedings{gensim,
	title={{Software Framework for Topic Modelling with Large Corpora}},
	author={Radim {\v R}eh{\r u}{\v r}ek and Petr Sojka},
	booktitle={{Proceedings of the LREC 2010 Workshop on New Challenges for NLP Frameworks}},
	pages={45--50},
	year=2010,
	month=May,
	day=22,
	publisher={ELRA},
	address={Valletta, Malta},
	language={English}
}
@misc{jieba,
	author={},
	title={jieba Chinese Word Segmenter},
	year={2017},
	howpublished={\url{http://github.com/fxsjy/jieba}},
	note={},
}