% TM
@book{feldman2007tm,
	title={The Text Mining Handbook: Advanced Approaches in Analyzing Unstructured Data},
	author={Feldman, Ronen and Sanger, James},
	year={2007},
	publisher={Cambridge University Press}
}
@book{manning2008ir,
	title={Introduction to Information Retrieval},
	author={Manning, Christopher D. and Raghavan, Prabhakar and Sch\"{u}tze, Hinrich},
	year={2008},
	publisher={Cambridge University Press}
}
% TC
@article{aggarwal2012tc,
	title={A Survey of Text Classification Algorithms},
	author={Aggarwal, Charu C and Zhai, ChengXiang},
	journal={Mining Text Data},
	pages={163--222},
	year={2012},
	publisher={Springer}
}
@article{sebastiani2002tc,
	title={Machine Learning in Automated Text Categorization},
	author={Sebastiani, Fabrizio},
	journal={ACM Computing Surveys},
	volume={34},
	number={1},
	pages={1--47},
	year={2002},
	publisher={ACM}
}
% SA
@article{pang2008sa,
  title={Opinion Mining and Sentiment Analysis},
  author={Pang, Bo and Lee, Lillian and others},
  journal={Foundations and Trends in Information Retrieval},
  volume={2},
  number={1--2},
  pages={1--135},
  year={2008},
  publisher={Now Publishers, Inc.}
}
@article{liu2012sa,
  title={Sentiment Analysis and Opinion Mining},
  author={Liu, Bing},
  journal={Synthesis Lectures on Human Language Technologies},
  volume={5},
  number={1},
  pages={1--167},
  year={2012},
  publisher={Morgan \& Claypool Publishers}
}
% VSM
@article{turney2010vsm,
	title={From Frequency to Meaning: Vector Space Models of Semantics},
	author={Turney, Peter D and Pantel, Patrick},
	journal={Journal of Artificial Intelligence Research},
	volume={37},
	pages={141--188},
	year={2010}
}
% VSM Hypothesis
@article{salton1975vsmh1,
	title={A Vector Space Model for Automatic Indexing},
	author={Salton, Gerard and Wong, Anita and Yang, Chung-Shu},
	journal={Communications of the ACM},
	volume={18},
	number={11},
	pages={613--620},
	year={1975},
	publisher={ACM}
}
@article{harris1954vsmh2,
	title={Distributional Structure},
	author={Harris, Zellig S},
	journal={Word},
	volume={10},
	number={2-3},
	pages={146--162},
	year={1954},
	publisher={Taylor \& Francis}
}
@book{firth1957vsmh2,
	title={A Synopsis of Linguistic Theory, 1930-1955},
	author={Firth, John Rupert},
	year={1957},
}
@inproceedings{lin2001vsmh3,
	title={{DIRT}@ {SBT}@ discovery of Inference Rules from Text},
	author={Lin, Dekang and Pantel, Patrick},
	booktitle={Proceedings of the Seventh ACM SIGKDD International Conference on Knowledge Discovery and Data Mining},
	pages={323--328},
	year={2001},
	organization={ACM}
}
@article{turney2003vsmh4,
	title={Measuring Praise and Criticism: Inference of Semantic Orientation from Association},
	author={Turney, Peter D and Littman, Michael L},
	journal={ACM Transactions on Information Systems},
	volume={21},
	number={4},
	pages={315--346},
	year={2003},
	publisher={ACM}
}
% VSM Example
@article{deerwester1990lsi,
	title={Indexing by Latent Semantic Analysis},
	author={Deerwester, Scott and Dumais, Susan T and Furnas, George W and Landauer, Thomas K and Harshman, Richard},
	journal={Journal of the American Society for Information Science},
	volume={41},
	number={6},
	pages={391},
	year={1990},
	publisher={American Documentation Institute}
}
@article{mikolov2013word2vec,
	title={Efficient Estimation of Word Representations in Vector Space},
	author={Mikolov, Tomas and Chen, Kai and Corrado, Greg and Dean, Jeffrey},
	journal={arXiv preprint arXiv:1301.3781},
	year={2013}
}
@inproceedings{pennington2014glove,
	title={Glo{V}e: Global Vectors for Word Representation},
	author={Pennington, Jeffrey and Socher, Richard and Manning, Christopher},
	booktitle={Proceedings of the 2014 Conference on Empirical Methods in Natural Language Processing},
	pages={1532--1543},
	year={2014}
}
@inproceedings{lin1998vsmex2,
	title={Automatic Retrieval and Clustering of Similar Words},
	author={Lin, Dekang},
	booktitle={Proceedings of the 17th International Conference on Computational Linguistics - Volume 2},
	pages={768--774},
	year={1998},
	organization={Association for Computational Linguistics}
}
@article{pado2007vsmex2,
	title={Dependency-based Construction of Semantic Space Models},
	author={Pad{\'o}, Sebastian and Lapata, Mirella},
	journal={Computational Linguistics},
	volume={33},
	number={2},
	pages={161--199},
	year={2007},
	publisher={MIT Press}
}
% ML
@book{ripley2007ml,
	title={Pattern Recognition and Neural Networks},
	author={Ripley, Brian D},
	year={2007},
	publisher={Cambridge University Press}
}
@book{witten2016ml,
	title={Data Mining: Practical Machine Learning Tools and Techniques},
	author={Witten, Ian H and Frank, Eibe and Hall, Mark A and Pal, Christopher J},
	year={2016},
	publisher={Morgan Kaufmann}
}
@inproceedings{yang1999mlall,
  title={A Re-examination of Text Categorization Methods},
  author={Yang, Yiming and Liu, Xin},
  booktitle={Proceedings of the 22nd Annual International ACM SIGIR Conference on Research and Development in Information Retrieval},
  pages={42--49},
  year={1999},
  organization={ACM}
}
% ML kNN
@article{yang1994knn,
	title={An Example-based Mapping Method for Text Categorization and Retrieval},
	author={Yang, Yiming and Chute, Christopher G},
	journal={ACM Transactions on Information Systems},
	volume={12},
	number={3},
	pages={252--277},
	year={1994},
	publisher={ACM}
}
@inproceedings{han2001knn,
	title={Text Categorization Using Weight Adjusted k-Nearest Neighbor Classification},
	author={Han, Eui-Hong Sam and Karypis, George and Kumar, Vipin},
	booktitle={Pacific-Asia Conference on Knowledge Discovery and Data Mining},
	pages={53--65},
	year={2001},
	organization={Springer}
}
@article{rocchio1971knn,
	title={Relevance Feedback in Information Retrieval},
	author={Rocchio, Joseph John},
	journal={The Smart Retrieval System-experiments in Automatic Document Processing},
	year={1971},
	publisher={Prentice Hall}
}
@inproceedings{lam1998knn,
	title={Using a Generalized Instance Set for Automatic Text Categorization},
	author={Lam, Wai and Ho, Chao Yang},
	booktitle={Proceedings of the 21st Annual International ACM SIGIR Conference on Research and Development in Information Retrieval},
	pages={81--89},
	year={1998},
	organization={ACM}
}
@inproceedings{han2000knn,
	title={Centroid-based Document Classification: Analysis and Experimental Results},
	author={Han, Eui-Hong Sam and Karypis, George},
	booktitle={European Conference on Principles of Data Mining and Knowledge Discovery},
	pages={424--431},
	year={2000},
	organization={Springer}
}
% ML NB
@inproceedings{joachims1997nb,
	title={A Probabilistic Analysis of the {R}occhio Algorithm with {TFIDF} for Text Categorization},
	author={Joachims, Thorsten},
	booktitle={Proceedings of the Fourteenth International Conference on Machine Learning},
	pages={143--151},
 	year={1997},
	publisher={Morgan Kaufmann}
}
@inproceedings{koller1997nb,
	title={Hierarchically Classifying Documents Using Very Few Words},
	author={Koller, Daphne and Sahami, Mehran},
	title={Hierarchically Classifying Documents Using Very Few Words},
	booktitle={Proceedings of the Fourteenth International Conference on Machine Learning},
	pages={170--178},
	year={1997},
 	publisher={Morgan Kaufmann}
} 
@inproceedings{lewis1998nb,
	title={Naive ({B}ayes) at Forty: The Independence Assumption in Information Retrieval},
	author={Lewis, David D},
	booktitle={European Conference on Machine Learning},
	pages={4--15},
	year={1998},
	organization={Springer}
}
@inproceedings{mccallum1998nb,
	title={A Comparison of Event Models for Naive {B}ayes Text Classification},
	author={McCallum, Andrew and Nigam, Kamal and others},
	booktitle={AAAI-98 Workshop on Learning for Text Categorization},
	volume={752},
	pages={41--48},
	year={1998},
	organization={Madison, WI}
}
@inproceedings{ng2002nblr,
  title={On Discriminative vs. Generative Classifiers: A Comparison of Logistic Regression and Naive {B}ayes},
  author={Ng, Andrew Y and Jordan, Michael I},
  booktitle={Advances in Neural Information Processing Systems},
  pages={841--848},
  year={2002}
}
% ML LR
@inproceedings{zhang2003lrsvm,
  title={Robustness of Regularized Linear Classification Methods in Text Categorization},
  author={Zhang, Jian and Yang, Yiming},
  booktitle={Proceedings of the 26th Annual International ACM SIGIR Conference on Research and Development in Informaion Retrieval},
  pages={190--197},
  year={2003},
  organization={ACM}
}
% ML SVM
@article{cortes1995svm,
  title={Support-vector Networks},
  author={Cortes, Corinna and Vapnik, Vladimir},
  journal={Machine Learning},
  volume={20},
  number={3},
  pages={273--297},
  year={1995},
  publisher={Springer}
}
@article{joachims1998svm,
  title={Text Categorization with Support Vector Machines: Learning with Many Relevant Features},
  author={Joachims, Thorsten},
  journal={Proceedings of the 10th European Conference on Machine Learning},
  pages={137--142},
  year={1998},
  publisher={Springer}
}
@inproceedings{joachims1999svm,
  title={Transductive Inference for Text Classification Using Support Vector Machines},
  author={Joachims, Thorsten},
  booktitle={Proceedings of the Sixteenth International Conference on Machine Learning},
  volume={99},
  pages={200--209},
  year={1999}
}
@inproceedings{joachims2001svm,
  title={A Statistical Learning Learning Model of Text Classification for Support Vector Machines},
  author={Joachims, Thorsten},
  booktitle={Proceedings of the 24th Annual International ACM SIGIR Conference on Research and Development in Information Retrieval},
  pages={128--136},
  year={2001},
  organization={ACM}
}
% ML NN
@inproceedings{lam1999nn,
  title={Feature Reduction for Neural Network Based Text Categorization},
  author={Lam, Savio LY and Lee, Dik Lun},
  booktitle={Database Systems for Advanced Applications, 1999. Proceedings., 6th International Conference on},
  pages={195--202},
  year={1999},
  organization={IEEE}
}
@inproceedings{ruiz1999nn,
  title={Hierarchical Neural Networks for Text Categorization},
  author={Ruiz, Miguel E and Srinivasan, Padmini},
  booktitle={Proceedings of the 22nd Annual International ACM SIGIR Conference on Research and Development in Information Retrieval},
  pages={281--282},
  year={1999},
  organization={ACM}
}
@article{weigend1999nn,
  title={Exploiting Hierarchy in Text Categorization},
  author={Weigend, Andreas S and Wiener, Erik D and Pedersen, Jan O},
  journal={Information Retrieval},
  volume={1},
  number={3},
  pages={193--216},
  year={1999},
  publisher={Springer}
}
@inproceedings{schutze1995nn,
  title={A Comparison of Classifiers and Document Representations for the Routing Problem},
  author={Sch{\"u}tze, Hinrich and Hull, David A and Pedersen, Jan O},
  booktitle={Proceedings of the 18th Annual International ACM SIGIR Conference on Research and Development in Information Retrieval},
  pages={229--237},
  year={1995},
  organization={ACM}
}
@inproceedings{wiener1995nn,
  title={A Neural Network Approach to Topic Spotting},
  author={Wiener, Erik and Pedersen, Jan O and Weigend, Andreas S and others},
  booktitle={Proceedings of SDAIR-95, 4th Annual Symposium on Document Analysis and Information Retrieval},
  volume={317},
  pages={332},
  year={1995},
  organization={Las Vegas, NV}
}
% CopeOpi
@inproceedings{ku2007score,
	title={Using Polarity Scores of Words for Sentence-level Opinion Extraction},
	author={Ku, Lun-Wei and Lo, Yong-Sheng and Chen, Hsin-Hsi},
	booktitle={Proceedings of NTCIR-6 Workshop Meeting},
	pages={316--322},
	year={2007}
}
@article{ku2007ntusd,
	title={Mining Opinions from the Web: Beyond Relevance Retrieval},
	author={Ku, Lun-Wei and Chen, Hsin-Hsi},
	journal={Journal of the American Society for Information Science and Technology},
	volume={58},
	number={12},
	pages={1838--1850},
	year={2007},
	publisher={Wiley Online Library}
}
@inproceedings{ku2009morph,
	title={Using Morphological and Syntactic Structures for {C}hinese Opinion Analysis},
	author={Ku, Lun-Wei and Huang, Ting-Hao and Chen, Hsin-Hsi},
	booktitle={Proceedings of the 2009 Conference on Empirical Methods in Natural Language Processing: Volume 3-Volume 3},
	pages={1260--1269},
	year={2009},
	organization={Association for Computational Linguistics}
}
@inproceedings{wang2006antusd, 
	title={{ANTUSD}: A Large {C}hinese Sentiment Dictionary},
	author={Wang, Shih-Ming and Ku, Lun-Wei},
	booktitle={The Tenth International Conference on Language Resources and Evaluation (LREC 2016)},
	pages={2697-2702},
	year={2016}
}
% Zipf
@book{manning1999nlp,
	title={Foundations of Statistical Natural Language Processing},
	author={Manning, Christopher D and Sch{\"u}tze, Hinrich and others},
	year={1999},
	publisher={MIT Press}
}
% Multiclass
@article{aly2005multiclass,
	title={Survey on Multiclass Classification Methods},
	author={Aly, Mohamed},
	journal={Neural Netw},
	volume={19},
	year={2005}
}
% Open Source
@article{sklearn,
	title={Scikit-learn: Machine Learning in {P}ython},
	author={Pedregosa, F. and Varoquaux, G. and Gramfort, A. and Michel, V.
		and Thirion, B. and Grisel, O. and Blondel, M. and Prettenhofer, P.
		and Weiss, R. and Dubourg, V. and Vanderplas, J. and Passos, A. and
		Cournapeau, D. and Brucher, M. and Perrot, M. and Duchesnay, E.},
	journal={Journal of Machine Learning Research},
	volume={12},
	pages={2825--2830},
	year={2011}
}
@inproceedings{gensim,
	title={Software Framework for Topic Modelling with Large Corpora},
	author={Radim {\v R}eh{\r u}{\v r}ek and Petr Sojka},
	booktitle={Proceedings of the LREC 2010 Workshop on New Challenges for NLP Frameworks},
	pages={45--50},
	year={2010},
	publisher={ELRA}
}
@misc{jieba,
	title={jieba {C}hinese Text Segmentation: Built to be the Best {P}ython {C}hinese Word Segmentation Module},
	author={Sun, Junyi},
	year={2017},
	url={http://github.com/fxsjy/jieba}
}
% Dataset
@misc{Yelp,
	title={{Yelp Dataset Challenge}},
	author={},
	year={2017},
	url={http://www.yelp.com/dataset_challenge}
}
@article{MioChnCorp,
	title={An Empirical Study on Sentiment Classification of {C}hinese Review Using Word Embedding},
	author={Lin, Yiou and Lei, Hang and Wu, Jia and Li, Xiaoyu},
	journal={arXiv preprint arXiv:1511.01665},
	year={2015}
}
@inproceedings{20news,
	title={Newsweeder: Learning to Filter Netnews},
	author={Lang, Ken},
	booktitle={Proceedings of the 12th International Conference on Machine Learning},
	volume={10},
	pages={331--339},
	year={1995}
}
@misc{fudan,
	title={{Fudan University TC Corpus}},
	author={Li, Rong-Lu},
	year={2017},
	url={http://tjzhifei.github.io/resources/fudancorp.zip}
}